@inproceedings{GSLW18,
    series={STOC ’19},
    title={Quantum singular value transformation and beyond: exponential improvements for quantum matrix arithmetics},
    url={http://dx.doi.org/10.1145/3313276.3316366},
    DOI={10.1145/3313276.3316366},
    booktitle={Proceedings of the 51st Annual ACM SIGACT Symposium on Theory of Computing},
    publisher={ACM},
    author={András Gilyén and Yuan Su and Guang Hao Low and Nathan Wiebe},
    year={2019},
    month=jun, pages={193–204},
    collection={STOC ’19}
}

@article{Haah_2019,
   title={Product Decomposition of Periodic Functions in Quantum Signal Processing},
   volume={3},
   ISSN={2521-327X},
   url={http://dx.doi.org/10.22331/q-2019-10-07-190},
   DOI={10.22331/q-2019-10-07-190},
   journal={Quantum},
   publisher={Verein zur Forderung des Open Access Publizierens in den Quantenwissenschaften},
   author={Haah, Jeongwan},
   year={2019},
   month=oct, pages={190}
}

@article{FPI,
    doi = {10.22331/q-2024-12-10-1558},
    url = {https://doi.org/10.22331/q-2024-12-10-1558},
    title = {Infinite quantum signal processing},
    author = {Dong, Yulong and Lin, Lin and Ni, Hongkang and Wang, Jiasu},
    journal = {{Quantum}},
    issn = {2521-327X},
    publisher = {{Verein zur F{\"{o}}rderung des Open Access Publizierens in den Quantenwissenschaften}},
    volume = {8},
    pages = {1558},
    month = dec,
    year = {2024}
}

@article{Newton,
    author = {Dong, Yulong and Lin, Lin and Ni, Hongkang and Wang, Jiasu},
    title = {Robust Iterative Method for Symmetric Quantum Signal Processing in All Parameter Regimes},
    journal = {SIAM Journal on Scientific Computing},
    volume = {46},
    number = {5},
    pages = {A2951-A2971},
    year = {2024},
    doi = {10.1137/23M1598192},
    URL = {https://doi.org/10.1137/23M1598192},
}

@article{EnergyLandscpae,
   title={On the energy landscape of symmetric quantum signal processing},
   volume={6},
   ISSN={2521-327X},
   url={http://dx.doi.org/10.22331/q-2022-11-03-850},
   DOI={10.22331/q-2022-11-03-850},
   journal={Quantum},
   publisher={Verein zur Forderung des Open Access Publizierens in den Quantenwissenschaften},
   author={Wang, Jiasu and Dong, Yulong and Lin, Lin},
   year={2022},
   month=nov, pages={850}
}

@misc{alexis_QFT_NLFT,
      title={Quantum signal processing and nonlinear Fourier analysis}, 
      author={Michel Alexis and Gevorg Mnatsakanyan and Christoph Thiele},
      year={2024},
      eprint={2310.12683},
      archivePrefix={arXiv},
      primaryClass={quant-ph},
      url={https://arxiv.org/abs/2310.12683}, 
}

@misc{Szego,
      title={Infinite quantum signal processing for arbitrary Szeg\H{o} functions}, 
      author={Michel Alexis and Lin Lin and Gevorg Mnatsakanyan and Christoph Thiele and Jiasu Wang},
      year={2024},
      eprint={2407.05634},
      archivePrefix={arXiv},
      primaryClass={quant-ph},
      url={https://arxiv.org/abs/2407.05634}, 
}

@misc{half-cholesky,
      title={Fast Phase Factor Finding for Quantum Signal Processing}, 
      author={Hongkang Ni and Lexing Ying},
      year={2024},
      eprint={2410.06409},
      archivePrefix={arXiv},
      primaryClass={quant-ph},
      url={https://arxiv.org/abs/2410.06409}, 
}

@misc{GQSP_NLFT,
      title={Generalized Quantum Signal Processing and Non-Linear Fourier Transform are equivalent}, 
      author={Lorenzo Laneve},
      year={2025},
      eprint={2503.03026},
      archivePrefix={arXiv},
      primaryClass={quant-ph},
      url={https://arxiv.org/abs/2503.03026}, 
}

%%%%%%%%%%%%%%%%%%%%%%%%%%%%%%%%%%%%%%%%%%%%%%%%%%%%%%%
@phdthesis{Tsai,
    author = {Tsai, Ya-Ju},
    title = {SU(2) nonlinear fourier transform},
    school = {UCLA},
    year = {2005},
    url = {https://www.proquest.com/dissertations-theses/i-su-2-nonlinear-fourier-transform/docview/305033060/se-2}
}

@misc{Lin2025,
      title={Inverse nonlinear fast Fourier transform on SU(2) with applications to quantum signal processing}, 
      author={Hongkang Ni and Rahul Sarkar and Lexing Ying and Lin Lin},
      year={2025},
      eprint={2505.12615},
      archivePrefix={arXiv},
      primaryClass={quant-ph},
      url={https://arxiv.org/abs/2505.12615}, 
}

@article{SAYED199549,
    title = {Fast algorithms for generalized displacement structures and lossless systems},
    journal = {Linear Algebra and its Applications},
    volume = {219},
    pages = {49-78},
    year = {1995},
    issn = {0024-3795},
    doi = {https://doi.org/10.1016/0024-3795(93)00193-4},
    url = {https://www.sciencedirect.com/science/article/pii/0024379593001934},
    author = {Ali H. Sayed and Thomas Kailath},
}

@article{FastToeplitz,
    title = {Numerical experience with a superfast real Toeplitz solver},
    journal = {Linear Algebra and its Applications},
    volume = {121},
    pages = {185-206},
    year = {1989},
    issn = {0024-3795},
    doi = {https://doi.org/10.1016/0024-3795(89)90701-5},
    url = {https://www.sciencedirect.com/science/article/pii/0024379589907015},
    author = {Gregory S. Ammar and William B. Gragg},
    abstract = {We briefly describe the generalized Schur algorithm for the superfast solution of positive definite Toeplitz systems of equations and its relationship with Schur's algorithm and the Szegö recursions. We then present some experimental results obtained with our FORTRAN implementation of this superfast Toeplitz solver. The algorithm displays favorable behavior in that the growth rates of the resulting residuals and errors are comparable with those of the Szegö recursions.}
}

@article{MQSP,
   title={Multivariable quantum signal processing (M-QSP): prophecies of the two-headed oracle},
   volume={6},
   ISSN={2521-327X},
   url={http://dx.doi.org/10.22331/q-2022-09-20-811},
   DOI={10.22331/q-2022-09-20-811},
   journal={Quantum},
   publisher={Verein zur Forderung des Open Access Publizierens in den Quantenwissenschaften},
   author={Rossi, Zane M. and Chuang, Isaac L.},
   year={2022},
   month=sep, pages={811}
}


@article{Prony,
   title={Stable factorization for phase factors of quantum signal processing},
   volume={6},
   ISSN={2521-327X},
   url={http://dx.doi.org/10.22331/q-2022-10-20-842},
   DOI={10.22331/q-2022-10-20-842},
   journal={Quantum},
   publisher={Verein zur Forderung des Open Access Publizierens in den Quantenwissenschaften},
   author={Ying, Lexing},
   year={2022},
   month=oct, pages={842} }
